@electronic{allen_2015,
title={Atmospheric Aerosols: What Are They, and Why Are They So Important?},
url={http://www.nasa.gov/centers/langley/news/factsheets/Aerosols.html},
publisher={NASA},
author={Allen, Bob},
year={2015},
month={Apr}
}

@electronic{api_weather_underground,
title={WUNDERGROUND DOCUMENTATION},
url={https://www.wunderground.com/weather/api/d/docs},
publisher={Weather Underground}
}