@misc{matthill,
author = {matthill},
title = {Open ALPR},
year = {2017},
publisher = {GitHub},
journal = {GitHub repository},
howpublished = {https://github.com/openalpr/openalpr},
commit = {0031c17995c31d4706893b2e96974dcea4db88b1}
}
@misc{rhnvrm, title={rhnvrm/galaxy-image-classifier-tensorflow}, url={https://github.com/rhnvrm/galaxy-image-classifier-tensorflow}, journal={GitHub}, publisher={GitHub}, author={Rhnvrm}, year={2017}, month={Oct}}

@misc{xvision, title={Xvision}, url={https://github.com/ayush1997/Xvision}, journal={GitHub}, publisher={Github}, author={ayush1997}, year={2017}, month={Jul}}

@misc{RNN, title={How to build a Recurrent Neural Network in TensorFlow (1/7)}, url={https://medium.com/erikhallstrm/hello-world-rnn-83cd7105b767}, journal={Medium}, publisher={Medium}, author={Hallström, Erik}, year={2016}, month={Nov}} 

@misc{LSTM, title={Understanding LSTM Networks}, url={https://colah.github.io/posts/2015-08-Understanding-LSTMs/}, journal={Understanding LSTM Networks -- colah's blog}, publisher={Github}, author={Olah, Christopher Olah}, year={2017}, month={Aug}} 

@misc{LSTM_REG, title={mouradmourafiq/tensorflow-lstm-regression}, url={https://github.com/mouradmourafiq/tensorflow-lstm-regression}, journal={GitHub}, publisher={Github}, author={Mouradmourafiq}, year={2017}, month={Jun}} 

@misc{amazon, title={Amazon Rekognition – Deep learning-based image analysis}, url={https://aws.amazon.com/rekognition/}, journal={Amazon Web Services, Inc.}, publisher={Amazon}}

@misc{tensorflow, title={Image Recognition  |  TensorFlow}, url={https://www.tensorflow.org/tutorials/image_recognition}, journal={TensorFlow}, publisher={Google}} 

@misc{TFLearn, title={TFLearn: Deep learning library featuring a higher-level API for TensorFlow.}, url={http://tflearn.org/}, journal={TFLearn | TensorFlow Deep Learning Library}, author={Damien, Aymeric}} 

@misc{svm, title={Introduction to Support Vector Machines¶}, url={https://docs.opencv.org/2.4/doc/tutorials/ml/introduction_to_svm/introduction_to_svm.html}, journal={Introduction to Support Vector Machines — OpenCV 2.4.13.4 documentation}} 

@misc{R, title={Molecular Organisation and Assembly in Cells}, url={https://www2.warwick.ac.uk/fac/sci/moac/people/students/peter_cock/python/lin_reg}, journal={Using Python (and R) to calculate Linear Regressions}} 

@misc{matlab, title={stepwiselm}, url={https://www.mathworks.com/help/stats/stepwiselm.html?requestedDomain=www.mathworks.com}, journal={Create linear regression model using stepwise regression - MATLAB stepwiselm}} 

@misc{corfidi_2014, title={The Colors of Sunset and Twilight}, url={http://www.spc.noaa.gov/publications/corfidi/sunset/}, journal={The Colors of Sunset and Twilight}, publisher={NOAA}, author={Corfidi, Stephen F}, year={2014}, month={Sep}} 