@book{windowsbookpt1,
Author = {test author},
Title = {test title},
Publisher = {test pub},
Year = {2012},
ISBN = {testisbn},
URL = {test}
}